2275 3834
392 398 453 473 De
470 399 629 475 Cerebro.
845 415 893 487 49

122 554 201 617 vula
214 574 328 638 magna
350 552 480 633 cerebri,
502 552 567 616 sire
588 551 696 614 velum
713 548 894 614 Vieussenii

123 666 263 716 vocatur.

170 754 219 842 Q
244 755 417 818 Cerebrum
439 769 468 817 et
484 756 673 817 cerebellum
695 776 787 836 super
805 753 894 818 basin

125 856 224 918 cranii
238 856 351 938 jacent,
374 870 403 919 et
425 856 600 919 eminentiis
622 871 713 941 atque
735 856 893 920 excavati·

124 958 238 1020 onibus
254 957 372 1021 ossium
394 981 457 1022 sese
475 961 725 1033 accommodant3
751 980 894 1042 quaeres

124 1059 219 1145 igitur
242 1061 274 1122 in
293 1074 378 1143 parte
399 1059 544 1122 inferiore
567 1058 685 1122 cerebri
704 1073 734 1122 et
747 1061 894 1124 cerebelli

119 1161 263 1223 maxime
278 1161 428 1222 memorial
443 1160 553 1245 dignae
569 1163 658 1224 sunt?

169 1267 211 1327 R.
229 1263 278 1326 Ibi
290 1263 370 1325 inter
380 1264 470 1326 lobos
483 1262 602 1325 cerebri
617 1262 735 1324 medios
750 1262 892 1328 videmus

123 1388 256 1447 corpora
279 1364 456 1443 albicantia,
483 1365 549 1429 sive
580 1364 762 1427 eminentias
790 1388 892 1427 mam.

123 1466 273 1542 millares,
299 1488 378 1548 quae
401 1488 526 1528 crurum
552 1465 682 1527 fornicis
706 1464 893 1528 anteriorum

123 1582 261 1630 extrema
274 1567 427 1631 videntur.
473 1568 556 1630 lnter
570 1570 647 1629 haec
661 1580 692 1629 et
705 1589 795 1629 crura
809 1590 893 1630 cere-

123 1670 171 1732 bri
194 1683 240 1733 est
258 1691 335 1751 pons
361 1667 471 1730 Tarini
493 1667 659 1733 substantia
681 1668 812 1747 cinerea,
838 1670 893 1757 qui

123 1770 238 1853 partim
260 1772 392 1834 fundum
406 1769 674 1857 ventriculitertii
696 1770 783 1834 facit.
828 1770 893 1835 Ubi

123 1895 211 1935 crura
226 1871 343 1935 cerebri
366 1888 396 1934 et
416 1871 561 1934 cerebelli
584 1872 781 1951 conveniunt,
801 1874 892 1936 tuber

123 1975 271 2036 annulare
298 1972 362 2035 sive
384 1995 461 2054 pons
486 1971 613 2034 Varolii
637 1971 669 2034 in
691 1973 891 2036 excavatioue

122 2074 201 2138 ossis
227 2073 423 2156 sphenoidei,
455 2086 484 2135 et
508 2071 669 2155 processis
688 2073 890 2136 cuneiformis

122 2176 266 2259 accipitis
288 2175 364 2240 situs
388 2191 443 2240 est.
499 2178 533 2238 A
558 2177 664 2238 tubere
690 2175 830 2236 annulari
852 2177 892 2236 ad

121 2281 262 2342 foramen
285 2303 383 2365 usque
406 2301 554 2363 magnum
573 2276 712 2339 medulla
725 2275 892 2358 oblongata

121 2382 289 2457 descendit,
319 2394 440 2462 etpost
464 2382 531 2463 ejus
559 2399 717 2462 egressum
745 2399 762 2438 e
786 2375 891 2439 cranio

122 2485 259 2547 medulla
285 2481 412 2564 spinalis
435 2480 623 2556 nominatur,
649 2500 729 2562 quae
751 2477 891 2539 canalem

121 2584 333 2646 vertebrarum
348 2583 450 2660 intrat,
466 2580 635 2659 descendit,
657 2582 843 2661 tandemque
857 2577 891 2640 in

121 2691 252 2750 eandam
267 2685 414 2769 equinam
427 2683 550 2749 desinit.
596 2683 633 2744 In
647 2680 808 2764 superficie
822 2702 889 2742 me-

121 2790 224 2850 dullae
241 2788 427 2871 oblongatae
450 2799 581 2869 quatuor
603 2781 787 2847 eminentiae
809 2793 890 2860 sunt,

121 2886 253 2966 scilicet,
281 2886 383 2949 media
403 2886 435 2948 in
457 2900 542 2969 parte
565 2889 644 2948 duae
667 2883 889 2969 pyramidales‚

120 3012 254 3077 quarum
268 2989 301 3052 in
317 3004 447 3074 utroque
461 2990 556 3051 latere
567 2990 645 3050 duae
660 2986 805 3050 olivares.

378 3101 382 3109 ⁴
649 3105 670 3153 E
