2275 3834
229 398 296 470 116
418 349 423 356 -
502 394 562 468 De
579 392 697 470 Corde.

265 541 306 604 R.
334 537 396 602 Cor
416 560 561 603 vasorum
582 541 721 605 omnium
744 539 989 626 sanguineorum

166 685 169 690 «
223 654 359 702 nentrum
372 654 428 717 est,
449 641 648 728 primumque
668 665 814 727 organon,
834 665 895 726 quo
911 666 988 706 san-

223 740 292 824 guis
305 754 444 804 movetur
459 757 549 827 atque
564 744 757 827 propellitur.

267 841 315 930 Q
338 841 401 905 Dic
424 842 514 923 mihi,
537 868 631 929 quam
655 845 836 910 brevissime
859 846 991 927 poteris,

224 942 387 1006 circuitum
409 946 566 1029 sanguinis
588 945 754 1028 minorem,
775 946 839 1009 sive
858 967 990 1012 cursum

224 1046 290 1129 ejus
304 1067 359 1127 per
373 1047 545 1127 pulmones.

268 1150 309 1212 R.
330 1147 460 1233 Sanguis
480 1148 565 1212 cavis
583 1149 700 1213 evenis
720 1149 753 1212 in
775 1148 876 1213 sinum
889 1170 990 1211 veno·

225 1271 294 1312 sum
308 1263 338 1313 et
351 1248 522 1311 auriculam
532 1252 670 1312 dextram
684 1250 800 1328 transit,
813 1271 904 1334 quam
922 1248 991 1311 im-

226 1353 302 1434 plet,
323 1350 472 1427 stimulat,
493 1363 585 1435 atque
600 1353 638 1413 ad
654 1349 888 1413 contractionem
903 1349 989 1428 ciet;

226 1452 288 1538 qui
309 1452 433 1537 sanguis
452 1450 486 1512 in
499 1450 705 1514 ventriculum
726 1453 867 1512 dextrum
886 1447 991 1512 mitti-

226 1565 286 1630 tur,
300 1551 351 1615 hie
365 1553 511 1634 impletus
524 1564 616 1636 atque
629 1550 766 1613 irritatus
781 1572 812 1612 se
823 1549 991 1628 contrahit,
1036 1619 1038 1621 ,

228 1650 482 1735 sanguinemque,
504 1651 557 1735 qui
574 1664 698 1732 propter
718 1651 857 1713 valvulas
877 1648 992 1712 tricus-

227 1750 314 1833 pides
326 1749 425 1812 redire
439 1750 555 1832 nequit,
576 1750 608 1813 in
622 1750 764 1814 arteriam
777 1752 994 1834 pulmonalem

228 1848 377 1930 impellit:
401 1849 472 1913 inde
486 1851 630 1914 valvulae
644 1849 842 1915 semilunares
854 1850 994 1913 reditum

231 1950 388 2036 sanguinis
401 1950 575 2032 prohibent.
620 1952 851 2037 Arteriaigitur
865 1952 993 2034 pulmo·
1050 1941 1052 1944 ¹

229 2050 322 2131 nolis,
344 2073 423 2136 quae
442 2050 555 2115 iterum
569 2052 742 2138 iterumque
764 2074 827 2114 sese
840 2052 873 2113 in
886 2073 993 2114 ramos

229 2151 404 2215 innumeros
417 2150 551 2216 minores
565 2154 761 2238 minoresque
774 2152 896 2232 dividit,
917 2173 995 2216 san-

230 2252 357 2338 guinem
384 2253 471 2316 vehit
498 2252 532 2316 in
562 2255 700 2317 surculos
727 2275 796 2316 suos
825 2266 996 2334 extremos,

232 2354 300 2437 qui,
310 2353 382 2417 retis
392 2354 504 2435 forma,
516 2354 718 2417 subtilissime
732 2354 859 2416 cellulas
873 2367 994 2433 tenues,

230 2454 390 2539 inquibus
405 2460 458 2517 aer
479 2469 533 2531 est,
555 2455 764 2529 circumdant3
787 2453 896 2517 deinde
917 2476 994 2518 cum

232 2556 317 2618 venis
342 2556 487 2619 extremis
512 2557 749 2640 conjunguntur,
774 2578 854 2640 quae
876 2554 994 2617 iterum

229 2656 402 2741 iterumque
424 2668 546 2735 coeunt,
570 2657 702 2739 majores
724 2657 915 2741 majoresque
941 2681 994 2719 ar-

230 2756 377 2820 teriarum
391 2756 600 2842 magnitudini
617 2779 704 2839 pares
717 2756 803 2833 fiunt,
825 2771 855 2819 et
866 2760 995 2822 tandem

231 2870 360 2942 utroque
375 2860 520 2940 pulmone
539 2872 661 2922 truncos
682 2861 757 2936 duos
770 2860 914 2940 formant,
936 2859 996 2946 qui

231 2955 265 3019 in
278 2957 383 3020 sinum
395 2974 425 3023 et
439 2960 610 3024 auriculam
624 2960 776 3025 sinistram
794 2960 996 3025 conveniunt.

140 3047 142 3052 ¹
269 3057 416 3145 Sanguis,
437 3062 512 3127 dum
533 3061 652 3127 circum
672 3062 803 3130 cellulas
826 3062 997 3127 bronchio-
