2275 3834
215 381 269 528 ‘78
320 444 380 518 De
393 442 559 518 Chemicis
571 441 677 515 Muu'
685 438 884 535 Principiis.

223 608 257 647 ac
272 585 368 649 serius
382 585 511 648 citiusve
526 585 723 666 dissipantur.
767 586 836 646 Hae
851 581 985 667 particu-

222 687 271 749 lae
284 690 424 749 odoratae
438 702 591 772 utcunque
613 686 741 749 subtiles
753 699 783 747 et
797 688 884 748 leves=
895 683 986 747 undis

224 786 288 850 slve
307 787 494 851 tremoribus
513 787 592 849 a'e'ris
613 789 674 849 huc
692 801 722 849 et
741 786 815 848 illuc
838 788 988 866 feruntur,

224 901 255 949 et
269 887 422 950 interdum
434 910 506 950 cum
521 886 633 968 spiritu
646 901 750 949 nostro
765 891 936 964 trahuntur,
958 902 989 950 et

225 987 354 1050 transitu
367 1010 473 1050 earum
486 1010 541 1070 per
562 1010 650 1049 nares
668 991 881 1051 membranam
894 989 989 1071 pitui.

225 1089 346 1165 tariam,
369 1090 456 1172 cujus
479 1088 654 1170 superficies
676 1089 774 1172 longe
790 1091 911 1173 lateque
933 1114 988 1152 ex-

227 1203 308 1252 tenta
331 1203 388 1268 est,
412 1189 570 1265 collidunt,
592 1190 789 1272 surculosque
812 1190 990 1254 tenerrimos

228 1315 264 1354 ac
287 1314 453 1353 nervorum
480 1289 713 1352 delicatissimos
736 1304 892 1371 premunt,
921 1291 990 1375 qui-

228 1393 287 1454 bus
309 1391 522 1475 impressiones
544 1389 647 1453 animo
673 1389 846 1468 mittuntur,
868 1405 897 1453 et
918 1395 993 1453 odor

230 1494 335 1555 statim
349 1494 486 1556 sentitur.
531 1492 636 1554 Homo
650 1490 755 1575 igitur,
775 1514 848 1553 cum
861 1494 995 1555 olfacere
1011 1519 1015 1528 ·
1060 1527 1066 1538 -

230 1598 309 1673 vult,
331 1620 366 1659 os
376 1595 502 1671 claudit,
523 1615 611 1655 nares
624 1591 721 1677 quim
734 1592 872 1654 marrim&²
886 1594 995 1675 aperit,

233 1696 374 1776 spiritum
385 1694 504 1758 fortiter
518 1716 552 1755 ac
567 1715 640 1755 curn
652 1692 771 1775 impetu
785 1681 872 1776 quasi
886 1693 996 1756 iterato

233 1795 339 1874 trahit,
353 1818 415 1879 quo
429 1794 528 1875 major
541 1791 705 1873 impressio
716 1793 818 1855 nervis
828 1793 998 1857 olfactoriis

236 1896 364 1973 accidat,
384 1909 414 1958 et
428 1915 533 1958 sensus
548 1891 716 1957 accuratior
729 1908 899 1958 moveatur.

360 2215 407 2270 DE
422 2213 578 2260 CHEMICIS
592 2207 675 2258 uum
690 2213 878 2260 rumonus.

283 2404 332 2491 Q
346 2399 468 2486 Quibus
479 2397 627 2461 chemicis
638 2398 801 2483 principiis
813 2424 923 2465 murus
937 2401 1004 2464 nasi

241 2504 377 2568 constat?

285 2608 326 2667 R.
350 2602 453 2664 Multa
476 2623 515 2662 ex
538 2623 630 2683 aqua,
653 2601 780 2664 animali
805 2602 1006 2686 mucilagine,

241 2705 372 2768 muriate
399 2707 490 2765 sodae
517 2704 679 2766 carbonate
704 2705 807 2782 sotlec,
834 2707 1007 2785 phosphate

242 2810 345 2883 sotlec,
366 2818 402 2866 et
410 2806 582 2886 phosphate
596 2804 703 2867 calcis.

288 2909 336 2996 Q
360 2901 430 2990 Quo
444 2907 536 2967 ruodo
550 2907 626 2967 haec
642 2905 797 2988 principia
810 2908 976 2986 paramus?

242 3047 244 3052 ·
289 3012 330 3074 R·
353 3009 474 3071 Eodem
497 3008 603 3083 modo,
627 3027 689 3087 quo
710 3006 864 3088 principia
884 3009 1010 3093 lachryf

247 3096 370 3184 marum
386 3119 474 3180 antea
490 3103 748 3188 adipiscebamur.
793 3107 912 3172 Mucus
926 3108 1012 3178 alem,
1053 3095 1054 3100 ¹
1115 3132 1117 3138 ¹
